<record xmlns="http://www.loc.gov/MARC21/slim" xmlns:xsi="http://www.w3.org/2001/XMLSchema-instance" xsi:schemaLocation="http://www.loc.gov/MARC21/slim http://www.loc.gov/standards/marcxml/schema/MARC21slim.xsd"><leader>     nam a22        4500</leader><controlfield tag="001">001685294</controlfield><controlfield tag="003">NNU</controlfield><controlfield tag="006">m        d        </controlfield><controlfield tag="007">cr cn |||m|||a</controlfield><controlfield tag="008">150313s1962    sy      o     000 0 ararc</controlfield><datafield ind1=" " ind2=" " tag="040"><subfield code="a">NNU</subfield><subfield code="b">eng</subfield><subfield code="c">NNU</subfield></datafield><datafield ind1=" " ind2="4" tag="050"><subfield code="a">PJ6173</subfield><subfield code="b">.J35 1962.</subfield></datafield><datafield ind1=" " ind2=" " tag="066"><subfield code="c">(3</subfield></datafield><datafield ind1=" " ind2=" " tag="090"><subfield code="a">PJ6576</subfield><subfield code="b">.J3 1965</subfield></datafield><datafield ind1="1" ind2=" " tag="100"><subfield code="6">880-01</subfield><subfield code="a">Jaww&#257;n&#299;, Mu&#7717;ammad ibn As&#699;ad,</subfield><subfield code="d">1131-1192</subfield></datafield><datafield ind1="1" ind2="0" tag="245"><subfield code="6">880-02</subfield><subfield code="a">Mukhta&#7779;ar min al-kal&#257;m f&#299; al-farq bayna man ism ab&#299;h Sall&#257;m wa-Sal&#257;m</subfield><subfield code="h">[electronic resource] /</subfield><subfield code="c">takhr&#299;j Ab&#299; &#699;Al&#299; Mu&#7717;ammad ibn As&#699;ad ibn &#699;Al&#299; ibn Mu&#699;ammar al-&#7716;usayn&#299; al-Jaww&#257;n&#299; ; &#7717;aqqaqhu &#7778;al&#257;&#7717; al-D&#299;n al-Munajjid.</subfield></datafield><datafield ind1="3" ind2="0" tag="246"><subfield code="6">880-03</subfield><subfield code="a">F&#299; al-farq bayna man ism ab&#299;h Sall&#257;m wa-Sal&#257;m</subfield></datafield><datafield ind1=" " ind2=" " tag="260"><subfield code="6">880-04</subfield><subfield code="a">Dimashq :</subfield><subfield code="b">al-Majma&#699; al-&#699;Ilm&#299; al-&#699;Arab&#299;,</subfield><subfield code="c">1962.</subfield></datafield><datafield ind1=" " ind2=" " tag="300"><subfield code="a">online resource (23 p.)</subfield></datafield><datafield ind1="1" ind2=" " tag="490"><subfield code="6">880-05</subfield><subfield code="a">Ma&#7789;b&#363;&#699;&#257;t al-Majma&#699; al-&#699;Ilm&#299; al-&#699;Arab&#299; bi-Dimashq</subfield></datafield><datafield ind1=" " ind2=" " tag="500"><subfield code="a">Part of the Arabic Collections Online (ACO) project, contributed by New York Univeristy Libraries.</subfield></datafield><datafield ind1=" " ind2=" " tag="533"><subfield code="a">Electronic reproduction.</subfield><subfield code="b">New York, N.Y. :</subfield><subfield code="c">New York University,</subfield><subfield code="d">2015.</subfield><subfield code="5">NNU</subfield></datafield><datafield ind1=" " ind2="0" tag="650"><subfield code="a">Sall&#257;m (The name)</subfield></datafield><datafield ind1=" " ind2="0" tag="650"><subfield code="a">Sal&#257;m (The name)</subfield></datafield><datafield ind1=" " ind2="0" tag="650"><subfield code="a">Names, Personal</subfield><subfield code="x">Arabic.</subfield></datafield><datafield ind1="1" ind2=" " tag="700"><subfield code="6">880-06</subfield><subfield code="a">Munajjid, &#7778;al&#257;&#7717; al-D&#299;n</subfield></datafield><datafield ind1="2" ind2=" " tag="710"><subfield code="a">New York University.</subfield><subfield code="b">Libraries.</subfield></datafield><datafield ind1="0" ind2=" " tag="730"><subfield code="a">Arabic Collections Online.</subfield></datafield><datafield ind1="0" ind2="8" tag="776"><subfield code="i">Print version:</subfield><subfield code="a">Jaww&#257;n&#299;, Mu&#7717;ammad ibn As&#699;ad, 1131-1192 880-01</subfield><subfield code="t">Mukhta&#7779;ar min al-kal&#257;m f&#299; al-farq bayna man ism ab&#299;h Sall&#257;m wa-Sal&#257;m</subfield><subfield code="w">(NNU)001685294</subfield><subfield code="w">(DLC)ne 65000258</subfield></datafield><datafield ind1="4" ind2="0" tag="856"><subfield code="u">http://hdl.handle.net/2333.1/zcrjdj39</subfield></datafield><datafield ind1="1" ind2=" " tag="880"><subfield code="6">100-01/</subfield><subfield code="a">&#1580;&#1608;&#1575;&#1606;&#1610;&#1548; &#1605;&#1581;&#1605;&#1583; &#1576;&#1606; &#1571;&#1587;&#1593;&#1583;.</subfield></datafield><datafield ind1="1" ind2="0" tag="880"><subfield code="6">245-02/</subfield><subfield code="a">&#1605;&#1582;&#1578;&#1589;&#1585; &#1605;&#1606; &#1575;&#1604;&#1603;&#1604;&#1575;&#1605; &#1601;&#1610; &#1575;&#1604;&#1601;&#1585;&#1602; &#1576;&#1610;&#1606; &#1605;&#1606; &#1575;&#1587;&#1605; &#1571;&#1576;&#1610;&#1607; &#1587;&#1604;&#1575;&#1605; &#1608;&#1587;&#1604;&#1575;&#1605; /</subfield><subfield code="c">&#1578;&#1582;&#1585;&#1610;&#1580; &#1571;&#1576;&#1610; &#1593;&#1604;&#1610; &#1605;&#1581;&#1605;&#1583; &#1576;&#1606; &#1571;&#1587;&#1593;&#1583; &#1576;&#1606; &#1593;&#1604;&#1610; &#1576;&#1606; &#1605;&#1593;&#1605;&#1585; &#1575;&#1604;&#1581;&#1587;&#1610;&#1606;&#1610; &#1575;&#1604;&#1580;&#1608;&#1575;&#1606;&#1610; &#1563; &#1581;&#1602;&#1602;&#1607; &#1589;&#1604;&#1575;&#1581; &#1575;&#1604;&#1583;&#1610;&#1606; &#1575;&#1604;&#1605;&#1606;&#1580;&#1583;.</subfield></datafield><datafield ind1="3" ind2="0" tag="880"><subfield code="6">246-03/</subfield><subfield code="a">&#1601;&#1610; &#1575;&#1604;&#1601;&#1585;&#1602; &#1576;&#1610;&#1606; &#1605;&#1606; &#1575;&#1587;&#1605; &#1571;&#1576;&#1610;&#1607; &#1587;&#1604;&#1575;&#1605; [&#1576;&#1575;&#1604;&#1578;&#1588;&#1583;&#1610;&#1583;] &#1608;&#1587;&#1604;&#1575;&#1605;</subfield></datafield><datafield ind1=" " ind2=" " tag="880"><subfield code="6">260-04/</subfield><subfield code="a">&#1583;&#1605;&#1588;&#1602; :</subfield><subfield code="b">&#1575;&#1604;&#1605;&#1580;&#1605;&#1593; &#1575;&#1604;&#1593;&#1604;&#1605;&#1610; &#1575;&#1604;&#1593;&#1585;&#1576;&#1610;&#1548;</subfield><subfield code="c">1962.</subfield></datafield><datafield ind1="1" ind2=" " tag="880"><subfield code="6">490-05/</subfield><subfield code="a">&#1605;&#1591;&#1576;&#1608;&#1593;&#1575;&#1578; &#1575;&#1604;&#1605;&#1580;&#1605;&#1593; &#1575;&#1604;&#1593;&#1604;&#1605;&#1610; &#1575;&#1604;&#1593;&#1585;&#1576;&#1610; &#1576;&#1583;&#1605;&#1588;&#1602;</subfield></datafield><datafield ind1="1" ind2=" " tag="880"><subfield code="6">700-06/</subfield><subfield code="a">&#1605;&#1606;&#1580;&#1583;&#1548; &#1589;&#1604;&#1575;&#1581; &#1575;&#1604;&#1583;&#1610;&#1606;.</subfield></datafield><datafield ind1=" " ind2="0" tag="830"><subfield code="6">880-07</subfield><subfield code="a">Ma&#7789;b&#363;&#699;&#257;t al-Majma&#699; al-&#699;Ilm&#299; al-&#699;Arab&#299; bi-Dimashq</subfield></datafield><datafield ind1=" " ind2="0" tag="880"><subfield code="6">830-07/</subfield><subfield code="a">&#1605;&#1591;&#1576;&#1608;&#1593;&#1575;&#1578; &#1575;&#1604;&#1605;&#1580;&#1605;&#1593; &#1575;&#1604;&#1593;&#1604;&#1605;&#1610; &#1575;&#1604;&#1593;&#1585;&#1576;&#1610; &#1576;&#1583;&#1605;&#1588;&#1602;</subfield></datafield><datafield ind1=" " ind2=" " tag="959"><subfield code="a">NNU</subfield><subfield code="b">WEB</subfield><subfield code="c">GENI</subfield><subfield code="t">0</subfield><subfield code="m">Electronic access</subfield><subfield code="s">01</subfield></datafield><datafield ind1=" " ind2=" " tag="999"><subfield code="i">NNU_001685294</subfield><subfield code="s">nyu_aco000493</subfield></datafield></record>